%YAML 1.1
%TAG !u! tag:unity3d.com,2011:
--- !u!1 &2396528849186086911
GameObject:
  m_ObjectHideFlags: 0
  m_CorrespondingSourceObject: {fileID: 0}
  m_PrefabInstance: {fileID: 0}
  m_PrefabAsset: {fileID: 0}
  serializedVersion: 6
  m_Component:
  - component: {fileID: 1731924922824681545}
  m_Layer: 0
  m_Name: FirePoint
  m_TagString: Untagged
  m_Icon: {fileID: 0}
  m_NavMeshLayer: 0
  m_StaticEditorFlags: 0
  m_IsActive: 1
--- !u!4 &1731924922824681545
Transform:
  m_ObjectHideFlags: 0
  m_CorrespondingSourceObject: {fileID: 0}
  m_PrefabInstance: {fileID: 0}
  m_PrefabAsset: {fileID: 0}
  m_GameObject: {fileID: 2396528849186086911}
  m_LocalRotation: {x: 0, y: 0, z: 0, w: 1}
  m_LocalPosition: {x: 0, y: 1.02, z: 0.813}
  m_LocalScale: {x: 1, y: 1, z: 1}
  m_ConstrainProportionsScale: 0
  m_Children: []
  m_Father: {fileID: 2760373584432448929}
  m_RootOrder: 1
  m_LocalEulerAnglesHint: {x: 0, y: 0, z: 0}
--- !u!1 &4791276811750106372
GameObject:
  m_ObjectHideFlags: 0
  m_CorrespondingSourceObject: {fileID: 0}
  m_PrefabInstance: {fileID: 0}
  m_PrefabAsset: {fileID: 0}
  serializedVersion: 6
  m_Component:
  - component: {fileID: 2760373584432448929}
  - component: {fileID: 5907869660313379161}
  m_Layer: 0
  m_Name: ScholarForeigner_Credit
  m_TagString: Untagged
  m_Icon: {fileID: 0}
  m_NavMeshLayer: 0
  m_StaticEditorFlags: 0
  m_IsActive: 1
--- !u!4 &2760373584432448929
Transform:
  m_ObjectHideFlags: 0
  m_CorrespondingSourceObject: {fileID: 0}
  m_PrefabInstance: {fileID: 0}
  m_PrefabAsset: {fileID: 0}
  m_GameObject: {fileID: 4791276811750106372}
  m_LocalRotation: {x: 0, y: 0, z: 0, w: 1}
  m_LocalPosition: {x: 0, y: 0, z: 0}
  m_LocalScale: {x: 0.5, y: 0.5, z: 0.5}
  m_ConstrainProportionsScale: 0
  m_Children:
  - {fileID: 2323454003334760224}
  - {fileID: 1731924922824681545}
  m_Father: {fileID: 0}
  m_RootOrder: 0
  m_LocalEulerAnglesHint: {x: 0, y: 0, z: 0}
--- !u!114 &5907869660313379161
MonoBehaviour:
  m_ObjectHideFlags: 0
  m_CorrespondingSourceObject: {fileID: 0}
  m_PrefabInstance: {fileID: 0}
  m_PrefabAsset: {fileID: 0}
  m_GameObject: {fileID: 4791276811750106372}
  m_Enabled: 0
  m_EditorHideFlags: 0
  m_Script: {fileID: 11500000, guid: 4b0f26b9b6cf8c54082b7571e8c32cc5, type: 3}
  m_Name: 
  m_EditorClassIdentifier: 
  range: 7.5
  fireRate: 2
  fireCountdown: 0
  enemyTag: Enemy
  partRotate: {fileID: 2323454003334760224}
  turnSpeed: 30
  bulletPrefab: {fileID: 37557446642005946, guid: 95a21c9f2586a934c857d821e95e7913, type: 3}
  firePoint: {fileID: 1731924922824681545}
--- !u!1001 &2860956083550625995
PrefabInstance:
  m_ObjectHideFlags: 0
  serializedVersion: 2
  m_Modification:
    m_TransformParent: {fileID: 2760373584432448929}
    m_Modifications:
    - target: {fileID: -8679921383154817045, guid: f916453e97b0075408b3493f19cd3afa, type: 3}
      propertyPath: m_RootOrder
      value: 0
      objectReference: {fileID: 0}
    - target: {fileID: -8679921383154817045, guid: f916453e97b0075408b3493f19cd3afa, type: 3}
      propertyPath: m_LocalPosition.x
      value: 0
      objectReference: {fileID: 0}
    - target: {fileID: -8679921383154817045, guid: f916453e97b0075408b3493f19cd3afa, type: 3}
      propertyPath: m_LocalPosition.y
      value: 0
      objectReference: {fileID: 0}
    - target: {fileID: -8679921383154817045, guid: f916453e97b0075408b3493f19cd3afa, type: 3}
      propertyPath: m_LocalPosition.z
      value: 0
      objectReference: {fileID: 0}
    - target: {fileID: -8679921383154817045, guid: f916453e97b0075408b3493f19cd3afa, type: 3}
      propertyPath: m_LocalRotation.w
      value: 1
      objectReference: {fileID: 0}
    - target: {fileID: -8679921383154817045, guid: f916453e97b0075408b3493f19cd3afa, type: 3}
      propertyPath: m_LocalRotation.x
      value: -0
      objectReference: {fileID: 0}
    - target: {fileID: -8679921383154817045, guid: f916453e97b0075408b3493f19cd3afa, type: 3}
      propertyPath: m_LocalRotation.y
      value: -0
      objectReference: {fileID: 0}
    - target: {fileID: -8679921383154817045, guid: f916453e97b0075408b3493f19cd3afa, type: 3}
      propertyPath: m_LocalRotation.z
      value: -0
      objectReference: {fileID: 0}
    - target: {fileID: -8679921383154817045, guid: f916453e97b0075408b3493f19cd3afa, type: 3}
      propertyPath: m_LocalEulerAnglesHint.x
      value: 0
      objectReference: {fileID: 0}
    - target: {fileID: -8679921383154817045, guid: f916453e97b0075408b3493f19cd3afa, type: 3}
      propertyPath: m_LocalEulerAnglesHint.y
      value: 0
      objectReference: {fileID: 0}
    - target: {fileID: -8679921383154817045, guid: f916453e97b0075408b3493f19cd3afa, type: 3}
      propertyPath: m_LocalEulerAnglesHint.z
      value: 0
      objectReference: {fileID: 0}
    - target: {fileID: 919132149155446097, guid: f916453e97b0075408b3493f19cd3afa, type: 3}
      propertyPath: m_Name
      value: Tower03_T-Pose
      objectReference: {fileID: 0}
    - target: {fileID: 5866666021909216657, guid: f916453e97b0075408b3493f19cd3afa, type: 3}
      propertyPath: m_Controller
      value: 
      objectReference: {fileID: 9100000, guid: a2494e1b8ef581e418d9c3cdb2181a6c, type: 2}
    m_RemovedComponents: []
  m_SourcePrefab: {fileID: 100100000, guid: f916453e97b0075408b3493f19cd3afa, type: 3}
--- !u!4 &2323454003334760224 stripped
Transform:
  m_CorrespondingSourceObject: {fileID: -8679921383154817045, guid: f916453e97b0075408b3493f19cd3afa, type: 3}
  m_PrefabInstance: {fileID: 2860956083550625995}
  m_PrefabAsset: {fileID: 0}
