%YAML 1.1
%TAG !u! tag:unity3d.com,2011:
--- !u!1 &4440197307305853653
GameObject:
  m_ObjectHideFlags: 0
  m_CorrespondingSourceObject: {fileID: 0}
  m_PrefabInstance: {fileID: 0}
  m_PrefabAsset: {fileID: 0}
  serializedVersion: 6
  m_Component:
  - component: {fileID: 4440197307305853673}
  - component: {fileID: 4440197307305853674}
  - component: {fileID: 4440197307305853675}
  - component: {fileID: 4440197307305853652}
  m_Layer: 0
  m_Name: Block_Book
  m_TagString: Untagged
  m_Icon: {fileID: 0}
  m_NavMeshLayer: 0
  m_StaticEditorFlags: 0
  m_IsActive: 0
--- !u!4 &4440197307305853673
Transform:
  m_ObjectHideFlags: 0
  m_CorrespondingSourceObject: {fileID: 0}
  m_PrefabInstance: {fileID: 0}
  m_PrefabAsset: {fileID: 0}
  m_GameObject: {fileID: 4440197307305853653}
  m_LocalRotation: {x: -0, y: -0, z: -0, w: 1}
  m_LocalPosition: {x: -392.02542, y: -181.5, z: 62.54724}
  m_LocalScale: {x: 4, y: 4, z: 4}
  m_ConstrainProportionsScale: 0
  m_Children: []
  m_Father: {fileID: 4440197308555303382}
  m_RootOrder: 0
  m_LocalEulerAnglesHint: {x: 0, y: 0, z: 0}
--- !u!33 &4440197307305853674
MeshFilter:
  m_ObjectHideFlags: 0
  m_CorrespondingSourceObject: {fileID: 0}
  m_PrefabInstance: {fileID: 0}
  m_PrefabAsset: {fileID: 0}
  m_GameObject: {fileID: 4440197307305853653}
  m_Mesh: {fileID: 10202, guid: 0000000000000000e000000000000000, type: 0}
--- !u!23 &4440197307305853675
MeshRenderer:
  m_ObjectHideFlags: 0
  m_CorrespondingSourceObject: {fileID: 0}
  m_PrefabInstance: {fileID: 0}
  m_PrefabAsset: {fileID: 0}
  m_GameObject: {fileID: 4440197307305853653}
  m_Enabled: 1
  m_CastShadows: 1
  m_ReceiveShadows: 1
  m_DynamicOccludee: 1
  m_StaticShadowCaster: 0
  m_MotionVectors: 1
  m_LightProbeUsage: 1
  m_ReflectionProbeUsage: 1
  m_RayTracingMode: 2
  m_RayTraceProcedural: 0
  m_RenderingLayerMask: 1
  m_RendererPriority: 0
  m_Materials:
  - {fileID: 2100000, guid: 23ff9d5ca4a53b64d8c6d1f5dd93c11b, type: 2}
  m_StaticBatchInfo:
    firstSubMesh: 0
    subMeshCount: 0
  m_StaticBatchRoot: {fileID: 0}
  m_ProbeAnchor: {fileID: 0}
  m_LightProbeVolumeOverride: {fileID: 0}
  m_ScaleInLightmap: 1
  m_ReceiveGI: 1
  m_PreserveUVs: 0
  m_IgnoreNormalsForChartDetection: 0
  m_ImportantGI: 0
  m_StitchLightmapSeams: 1
  m_SelectedEditorRenderState: 3
  m_MinimumChartSize: 4
  m_AutoUVMaxDistance: 0.5
  m_AutoUVMaxAngle: 89
  m_LightmapParameters: {fileID: 0}
  m_SortingLayerID: 0
  m_SortingLayer: 0
  m_SortingOrder: 0
  m_AdditionalVertexStreams: {fileID: 0}
--- !u!65 &4440197307305853652
BoxCollider:
  m_ObjectHideFlags: 0
  m_CorrespondingSourceObject: {fileID: 0}
  m_PrefabInstance: {fileID: 0}
  m_PrefabAsset: {fileID: 0}
  m_GameObject: {fileID: 4440197307305853653}
  m_Material: {fileID: 0}
  m_IsTrigger: 0
  m_Enabled: 1
  serializedVersion: 2
  m_Size: {x: 1, y: 1, z: 1}
  m_Center: {x: 0, y: 0, z: 0}
--- !u!1 &4440197308555303383
GameObject:
  m_ObjectHideFlags: 0
  m_CorrespondingSourceObject: {fileID: 0}
  m_PrefabInstance: {fileID: 0}
  m_PrefabAsset: {fileID: 0}
  serializedVersion: 6
  m_Component:
  - component: {fileID: 4440197308555303382}
  m_Layer: 0
  m_Name: BossSpawner
  m_TagString: Untagged
  m_Icon: {fileID: 0}
  m_NavMeshLayer: 0
  m_StaticEditorFlags: 0
  m_IsActive: 1
--- !u!4 &4440197308555303382
Transform:
  m_ObjectHideFlags: 0
  m_CorrespondingSourceObject: {fileID: 0}
  m_PrefabInstance: {fileID: 0}
  m_PrefabAsset: {fileID: 0}
  m_GameObject: {fileID: 4440197308555303383}
  m_LocalRotation: {x: 0, y: 0, z: 0, w: 1}
  m_LocalPosition: {x: 21, y: -6, z: -35}
  m_LocalScale: {x: 1, y: 1, z: 1}
  m_ConstrainProportionsScale: 0
  m_Children:
  - {fileID: 4440197307305853673}
  - {fileID: 4440197308783712866}
  m_Father: {fileID: 0}
  m_RootOrder: 0
  m_LocalEulerAnglesHint: {x: 0, y: 0, z: 0}
--- !u!1 &4440197308783712876
GameObject:
  m_ObjectHideFlags: 0
  m_CorrespondingSourceObject: {fileID: 0}
  m_PrefabInstance: {fileID: 0}
  m_PrefabAsset: {fileID: 0}
  serializedVersion: 6
  m_Component:
  - component: {fileID: 4440197308783712866}
  - component: {fileID: 4440197308783712867}
  m_Layer: 0
  m_Name: SpawnerPoint_Book
  m_TagString: Untagged
  m_Icon: {fileID: 4162164826716764455, guid: 0000000000000000d000000000000000, type: 0}
  m_NavMeshLayer: 0
  m_StaticEditorFlags: 0
  m_IsActive: 1
--- !u!4 &4440197308783712866
Transform:
  m_ObjectHideFlags: 0
  m_CorrespondingSourceObject: {fileID: 0}
  m_PrefabInstance: {fileID: 0}
  m_PrefabAsset: {fileID: 0}
  m_GameObject: {fileID: 4440197308783712876}
  m_LocalRotation: {x: -0, y: -0, z: -0, w: 1}
  m_LocalPosition: {x: -369.88, y: -187.97, z: 34.17}
  m_LocalScale: {x: 1, y: 1, z: 1}
  m_ConstrainProportionsScale: 0
  m_Children: []
  m_Father: {fileID: 4440197308555303382}
  m_RootOrder: 1
  m_LocalEulerAnglesHint: {x: 0, y: 0, z: 0}
--- !u!114 &4440197308783712867
MonoBehaviour:
  m_ObjectHideFlags: 0
  m_CorrespondingSourceObject: {fileID: 0}
  m_PrefabInstance: {fileID: 0}
  m_PrefabAsset: {fileID: 0}
  m_GameObject: {fileID: 4440197308783712876}
  m_Enabled: 1
  m_EditorHideFlags: 0
  m_Script: {fileID: 11500000, guid: ec05022ceaebe9e43a18e74e9792a091, type: 3}
  m_Name: 
  m_EditorClassIdentifier: 
  waves:
  - name: SphereTest
    enemy: {fileID: 8273577039639731711, guid: d68c2819b587eeb43bee4b2de0f4ce89, type: 3}
    amount: 0
    rateSpawn: 1
  - name: SphereTest
    enemy: {fileID: 8273577039639731711, guid: d68c2819b587eeb43bee4b2de0f4ce89, type: 3}
    amount: 0
    rateSpawn: 1
  - name: SphereTest
    enemy: {fileID: 8273577039639731711, guid: d68c2819b587eeb43bee4b2de0f4ce89, type: 3}
    amount: 0
    rateSpawn: 1
  - name: SphereTest
    enemy: {fileID: 8273577039639731711, guid: d68c2819b587eeb43bee4b2de0f4ce89, type: 3}
    amount: 0
    rateSpawn: 1
  - name: SphereTest
    enemy: {fileID: 8273577039639731711, guid: d68c2819b587eeb43bee4b2de0f4ce89, type: 3}
    amount: 0
    rateSpawn: 1
  - name: SphereTest
    enemy: {fileID: 8273577039639731711, guid: d68c2819b587eeb43bee4b2de0f4ce89, type: 3}
    amount: 0
    rateSpawn: 1
  - name: SphereTest
    enemy: {fileID: 8273577039639731711, guid: d68c2819b587eeb43bee4b2de0f4ce89, type: 3}
    amount: 0
    rateSpawn: 1
  - name: SphereTest
    enemy: {fileID: 8273577039639731711, guid: d68c2819b587eeb43bee4b2de0f4ce89, type: 3}
    amount: 0
    rateSpawn: 1
  - name: SphereTest
    enemy: {fileID: 8273577039639731711, guid: d68c2819b587eeb43bee4b2de0f4ce89, type: 3}
    amount: 0
    rateSpawn: 1
  - name: SphereTest
    enemy: {fileID: 8273577039639731711, guid: d68c2819b587eeb43bee4b2de0f4ce89, type: 3}
    amount: 1
    rateSpawn: 1
  timeBetweenWaves: 20
  waveCountDown: 0
  waveCountDownText: {fileID: 0}
  state: 2
