%YAML 1.1
%TAG !u! tag:unity3d.com,2011:
--- !u!244 &-8795407128959808561
AudioMixerEffectController:
  m_ObjectHideFlags: 3
  m_CorrespondingSourceObject: {fileID: 0}
  m_PrefabInstance: {fileID: 0}
  m_PrefabAsset: {fileID: 0}
  m_Name: 
  m_EffectID: a648cfeff9fa4024b87392106277421a
  m_EffectName: Attenuation
  m_MixLevel: 09ecdbef3d20a8649b533a478948afd1
  m_Parameters: []
  m_SendTarget: {fileID: 0}
  m_EnableWetMix: 0
  m_Bypass: 0
--- !u!244 &-7123644267755736819
AudioMixerEffectController:
  m_ObjectHideFlags: 3
  m_CorrespondingSourceObject: {fileID: 0}
  m_PrefabInstance: {fileID: 0}
  m_PrefabAsset: {fileID: 0}
  m_Name: 
  m_EffectID: 22ad247f3c7723d4dbd46ea958331d18
  m_EffectName: Attenuation
  m_MixLevel: 415122f0715d8574291ba6dcb915b47d
  m_Parameters: []
  m_SendTarget: {fileID: 0}
  m_EnableWetMix: 0
  m_Bypass: 0
--- !u!243 &-6317661525636988974
AudioMixerGroupController:
  m_ObjectHideFlags: 0
  m_CorrespondingSourceObject: {fileID: 0}
  m_PrefabInstance: {fileID: 0}
  m_PrefabAsset: {fileID: 0}
  m_Name: BGM
  m_AudioMixer: {fileID: 24100000}
  m_GroupID: 3a0893d45d9a35940b9e74fc14447d56
  m_Children: []
  m_Volume: 6163efe633a29fb458da1c03221257cb
  m_Pitch: 15e37b256267b3a4f8eb647f46256040
  m_Send: 00000000000000000000000000000000
  m_Effects:
  - {fileID: -8795407128959808561}
  m_UserColorIndex: 0
  m_Mute: 0
  m_Solo: 0
  m_BypassEffects: 0
--- !u!244 &-3643187327638987419
AudioMixerEffectController:
  m_ObjectHideFlags: 3
  m_CorrespondingSourceObject: {fileID: 0}
  m_PrefabInstance: {fileID: 0}
  m_PrefabAsset: {fileID: 0}
  m_Name: 
  m_EffectID: bef2af6553df05140afaea29ef8d4daf
  m_EffectName: Attenuation
  m_MixLevel: 26720cc15c1d3f7468241a0c48245de6
  m_Parameters: []
  m_SendTarget: {fileID: 0}
  m_EnableWetMix: 0
  m_Bypass: 0
--- !u!243 &-1367430198740016741
AudioMixerGroupController:
  m_ObjectHideFlags: 0
  m_CorrespondingSourceObject: {fileID: 0}
  m_PrefabInstance: {fileID: 0}
  m_PrefabAsset: {fileID: 0}
  m_Name: Sell
  m_AudioMixer: {fileID: 24100000}
  m_GroupID: 5f064b527c97eed40a63cc9807e964fe
  m_Children: []
  m_Volume: e97f8173e3a8d624f84b3eb7ecc86e88
  m_Pitch: d937f2a64279638428398c3f3b15d16c
  m_Send: 00000000000000000000000000000000
  m_Effects:
  - {fileID: 2033241261065046246}
  m_UserColorIndex: 0
  m_Mute: 0
  m_Solo: 0
  m_BypassEffects: 0
--- !u!241 &24100000
AudioMixerController:
  m_ObjectHideFlags: 0
  m_CorrespondingSourceObject: {fileID: 0}
  m_PrefabInstance: {fileID: 0}
  m_PrefabAsset: {fileID: 0}
  m_Name: AudioMixer
  m_OutputGroup: {fileID: 0}
  m_MasterGroup: {fileID: 24300002}
  m_Snapshots:
  - {fileID: 24500006}
  m_StartSnapshot: {fileID: 24500006}
  m_SuspendThreshold: -80
  m_EnableSuspend: 1
  m_UpdateMode: 0
  m_ExposedParameters:
  - guid: 6163efe633a29fb458da1c03221257cb
    name: BGMVolume
  - guid: de942fc680e0563468cca0a15ea8f71a
    name: LoseVolume
  - guid: 7162e259c06032f46aefc84ee29f99aa
    name: MasterVolume
  - guid: 617fcaab32f9a8e45b7cf61cabce7b3b
    name: MasterSFXVolume
  - guid: e97f8173e3a8d624f84b3eb7ecc86e88
    name: SellVolume
  - guid: 936008dfab3a3ea458d43f60cf31de00
    name: UpgradeVolume
  - guid: 252de7e8a1b10be46972f359436addba
    name: WinVolume
  m_AudioMixerGroupViews:
  - guids:
    - a56abc80aa7c8844dbbebce240caa2b2
    - 3a0893d45d9a35940b9e74fc14447d56
    - 2664d25aab90b0b459b17533b0879a92
    - de1fef24839b8844d963aca75ac77dfa
    - 5f064b527c97eed40a63cc9807e964fe
    - 981bd576247ebe149b19a96eba9d7276
    - c15eca96e717a194bbd5261c75dd3a01
    name: View
  m_CurrentViewIndex: 0
  m_TargetSnapshot: {fileID: 24500006}
--- !u!243 &24300002
AudioMixerGroupController:
  m_ObjectHideFlags: 0
  m_CorrespondingSourceObject: {fileID: 0}
  m_PrefabInstance: {fileID: 0}
  m_PrefabAsset: {fileID: 0}
  m_Name: Master
  m_AudioMixer: {fileID: 24100000}
  m_GroupID: a56abc80aa7c8844dbbebce240caa2b2
  m_Children:
  - {fileID: -6317661525636988974}
  - {fileID: 8959239007608005819}
  m_Volume: 7162e259c06032f46aefc84ee29f99aa
  m_Pitch: ae457bbe004e55b45a4ff4af9742a53d
  m_Send: 00000000000000000000000000000000
  m_Effects:
  - {fileID: 24400004}
  m_UserColorIndex: 0
  m_Mute: 0
  m_Solo: 0
  m_BypassEffects: 0
--- !u!244 &24400004
AudioMixerEffectController:
  m_ObjectHideFlags: 3
  m_CorrespondingSourceObject: {fileID: 0}
  m_PrefabInstance: {fileID: 0}
  m_PrefabAsset: {fileID: 0}
  m_Name: 
  m_EffectID: d07e4d43ff5965c4582bde0e73764de7
  m_EffectName: Attenuation
  m_MixLevel: 82f222c59af6fa049b2ba4661bbf4630
  m_Parameters: []
  m_SendTarget: {fileID: 0}
  m_EnableWetMix: 0
  m_Bypass: 0
--- !u!245 &24500006
AudioMixerSnapshotController:
  m_ObjectHideFlags: 0
  m_CorrespondingSourceObject: {fileID: 0}
  m_PrefabInstance: {fileID: 0}
  m_PrefabAsset: {fileID: 0}
  m_Name: Snapshot
  m_AudioMixer: {fileID: 24100000}
  m_SnapshotID: f752243693ff18346b7bb8b0ad2ec924
  m_FloatValues:
    6163efe633a29fb458da1c03221257cb: -10.345207
    7162e259c06032f46aefc84ee29f99aa: 0
  m_TransitionOverrides: {}
--- !u!243 &191217079164021949
AudioMixerGroupController:
  m_ObjectHideFlags: 0
  m_CorrespondingSourceObject: {fileID: 0}
  m_PrefabInstance: {fileID: 0}
  m_PrefabAsset: {fileID: 0}
  m_Name: Win
  m_AudioMixer: {fileID: 24100000}
  m_GroupID: c15eca96e717a194bbd5261c75dd3a01
  m_Children: []
  m_Volume: 252de7e8a1b10be46972f359436addba
  m_Pitch: 3696247a785a8dc41b1e3136d7be0497
  m_Send: 00000000000000000000000000000000
  m_Effects:
  - {fileID: -7123644267755736819}
  m_UserColorIndex: 0
  m_Mute: 0
  m_Solo: 0
  m_BypassEffects: 0
--- !u!244 &2033241261065046246
AudioMixerEffectController:
  m_ObjectHideFlags: 3
  m_CorrespondingSourceObject: {fileID: 0}
  m_PrefabInstance: {fileID: 0}
  m_PrefabAsset: {fileID: 0}
  m_Name: 
  m_EffectID: bedde791ab21d2c4a8b53d5c0d1782ff
  m_EffectName: Attenuation
  m_MixLevel: db6021d5c5bd1114d9d4940bcb96a20d
  m_Parameters: []
  m_SendTarget: {fileID: 0}
  m_EnableWetMix: 0
  m_Bypass: 0
--- !u!243 &4346703241311385730
AudioMixerGroupController:
  m_ObjectHideFlags: 0
  m_CorrespondingSourceObject: {fileID: 0}
  m_PrefabInstance: {fileID: 0}
  m_PrefabAsset: {fileID: 0}
  m_Name: Upgrade
  m_AudioMixer: {fileID: 24100000}
  m_GroupID: 981bd576247ebe149b19a96eba9d7276
  m_Children: []
  m_Volume: 936008dfab3a3ea458d43f60cf31de00
  m_Pitch: 9bd5cc6c980447d43b762b1dc0846d3b
  m_Send: 00000000000000000000000000000000
  m_Effects:
  - {fileID: 4939024256866943888}
  m_UserColorIndex: 0
  m_Mute: 0
  m_Solo: 0
  m_BypassEffects: 0
--- !u!244 &4939024256866943888
AudioMixerEffectController:
  m_ObjectHideFlags: 3
  m_CorrespondingSourceObject: {fileID: 0}
  m_PrefabInstance: {fileID: 0}
  m_PrefabAsset: {fileID: 0}
  m_Name: 
  m_EffectID: 3b544ebcbead62c41abfd944992d9873
  m_EffectName: Attenuation
  m_MixLevel: ee9848548e30df346bf3b5cab85bd44b
  m_Parameters: []
  m_SendTarget: {fileID: 0}
  m_EnableWetMix: 0
  m_Bypass: 0
--- !u!244 &7563816294949366569
AudioMixerEffectController:
  m_ObjectHideFlags: 3
  m_CorrespondingSourceObject: {fileID: 0}
  m_PrefabInstance: {fileID: 0}
  m_PrefabAsset: {fileID: 0}
  m_Name: 
  m_EffectID: e584d3ea122cb7842a00c8b1ed7cb09e
  m_EffectName: Attenuation
  m_MixLevel: a1b504f8d0359dc40a55f99988aa4b3e
  m_Parameters: []
  m_SendTarget: {fileID: 0}
  m_EnableWetMix: 0
  m_Bypass: 0
--- !u!243 &8959239007608005819
AudioMixerGroupController:
  m_ObjectHideFlags: 0
  m_CorrespondingSourceObject: {fileID: 0}
  m_PrefabInstance: {fileID: 0}
  m_PrefabAsset: {fileID: 0}
  m_Name: MasterSFX
  m_AudioMixer: {fileID: 24100000}
  m_GroupID: 2664d25aab90b0b459b17533b0879a92
  m_Children:
  - {fileID: 9216477031479149130}
  - {fileID: -1367430198740016741}
  - {fileID: 4346703241311385730}
  - {fileID: 191217079164021949}
  m_Volume: 617fcaab32f9a8e45b7cf61cabce7b3b
  m_Pitch: 5886550771b84a84c89a86cbc310c67f
  m_Send: 00000000000000000000000000000000
  m_Effects:
  - {fileID: 7563816294949366569}
  m_UserColorIndex: 0
  m_Mute: 0
  m_Solo: 0
  m_BypassEffects: 0
--- !u!243 &9216477031479149130
AudioMixerGroupController:
  m_ObjectHideFlags: 0
  m_CorrespondingSourceObject: {fileID: 0}
  m_PrefabInstance: {fileID: 0}
  m_PrefabAsset: {fileID: 0}
  m_Name: Lose
  m_AudioMixer: {fileID: 24100000}
  m_GroupID: de1fef24839b8844d963aca75ac77dfa
  m_Children: []
  m_Volume: de942fc680e0563468cca0a15ea8f71a
  m_Pitch: dcaef8422f4f206478325f7c1564675b
  m_Send: 00000000000000000000000000000000
  m_Effects:
  - {fileID: -3643187327638987419}
  m_UserColorIndex: 0
  m_Mute: 0
  m_Solo: 0
  m_BypassEffects: 0
